<record><leader>00000cas a2200000 a 4500</leader><controlfield tag="001">8807221</controlfield><controlfield tag="008">820925d19191957akuwr ne      0   a0eng  </controlfield><datafield ind1=" " ind2=" " tag="010"><subfield code="a">sn 82014673 </subfield><subfield code="z">sn 83025424 </subfield></datafield><datafield ind1=" " ind2=" " tag="040"><subfield code="a">DLC</subfield><subfield code="b">eng</subfield><subfield code="c">DLC</subfield><subfield code="d">OCL</subfield><subfield code="d">DLC</subfield><subfield code="d">ANE</subfield><subfield code="d">OCL</subfield><subfield code="d">DLC</subfield><subfield code="d">OCLCO</subfield><subfield code="d">OCLCQ</subfield><subfield code="d">OCLCF</subfield></datafield><datafield ind1=" " ind2=" " tag="019"><subfield code="a">9453908</subfield></datafield><datafield ind1="1" ind2=" " tag="029"><subfield code="a">AU@</subfield><subfield code="b">000020079577</subfield></datafield><datafield ind1=" " ind2=" " tag="042"><subfield code="a">pcc</subfield></datafield><datafield ind1=" " ind2=" " tag="043"><subfield code="a">n-us-ak</subfield></datafield><datafield ind1="0" ind2="0" tag="050"><subfield code="a">Newspaper 7043-X</subfield></datafield><datafield ind1="0" ind2="0" tag="245"><subfield code="a">Ketchikan Alaska chronicle.</subfield></datafield><datafield ind1="1" ind2=" " tag="246"><subfield code="i">Issues for Sunday Nov. 21, 1926-&lt;Mar. 31, 1929&gt;, &lt;1931&gt;-May 30, 1937 published as:</subfield><subfield code="a">Ketchikan Sunday chronicle</subfield></datafield><datafield ind1="3" ind2="0" tag="246"><subfield code="a">Chronicle</subfield></datafield><datafield ind1=" " ind2=" " tag="260"><subfield code="a">Ketchikan, Alaska :</subfield><subfield code="b">Journal Print. Co.,</subfield><subfield code="c">1919-</subfield></datafield><datafield ind1=" " ind2=" " tag="300"><subfield code="a">v.</subfield></datafield><datafield ind1=" " ind2=" " tag="310"><subfield code="a">Weekly,</subfield><subfield code="b">Apr. 29, 1956-&lt;Mar. 10, 1957&gt;</subfield></datafield><datafield ind1=" " ind2=" " tag="321"><subfield code="a">Daily,</subfield><subfield code="b">July 19, 1919-&lt;Apr. 20, 1956&gt;</subfield></datafield><datafield ind1="0" ind2=" " tag="362"><subfield code="a">Vol. 1, no. 1 (July 19, 1919)-</subfield></datafield><datafield ind1="1" ind2=" " tag="362"><subfield code="a">Ceased in 1957?</subfield></datafield><datafield ind1=" " ind2=" " tag="500"><subfield code="a">Sept. 9, 1939, Sept. 20, 1941 called also Fisheries ed.</subfield></datafield><datafield ind1=" " ind2=" " tag="500"><subfield code="a">Mar. 29, 1947 called also Alaska statehood and international development ed.</subfield></datafield><datafield ind1=" " ind2=" " tag="515"><subfield code="a">Vol. and issue numbering irregular.</subfield></datafield><datafield ind1=" " ind2=" " tag="515"><subfield code="a">Sunday issues have their own numbering.</subfield></datafield><datafield ind1=" " ind2=" " tag="530"><subfield code="a">Available on microfilm from the Library of Congress, Photoduplication Service.</subfield></datafield><datafield ind1=" " ind2="0" tag="651"><subfield code="a">Ketchikan (Alaska)</subfield><subfield code="v">Newspapers.</subfield></datafield><datafield ind1=" " ind2="7" tag="655"><subfield code="a">Newspapers.</subfield><subfield code="2">fast</subfield><subfield code="0">(OCoLC)fst01423814</subfield></datafield><datafield ind1=" " ind2="7" tag="651"><subfield code="a">Alaska</subfield><subfield code="z">Ketchikan.</subfield><subfield code="2">fast</subfield><subfield code="0">(OCoLC)fst01207651</subfield></datafield><datafield ind1=" " ind2=" " tag="752"><subfield code="a">United States</subfield><subfield code="b">Alaska</subfield><subfield code="d">Ketchikan.</subfield></datafield><datafield ind1="0" ind2="5" tag="780"><subfield code="t">Ketchikan times</subfield><subfield code="g">May 8, 1920</subfield><subfield code="w">(DLC)sn 94050064</subfield><subfield code="w">(OCoLC)30833099</subfield></datafield><datafield ind1="0" ind2="5" tag="780"><subfield code="t">Ketchikan tribune</subfield><subfield code="g">July 3, 1931</subfield><subfield code="w">(DLC)sn 94050065</subfield><subfield code="w">(OCoLC)30833184</subfield></datafield></record>